@article{goncalves1,
	doi = {10.1103/physrevd.96.094027},
  
	url = {https://doi.org/10.1103%2Fphysrevd.96.094027},
  
	year = 2017,
	month = {nov},
  
	publisher = {American Physical Society ({APS})},
  
	volume = {96},
  
	number = {9},
  
	author = {V.{\hspace{0.167em}
}P. Gon{\c{c}}alves and M.{\hspace{0.167em}}V.{\hspace{0.167em}}T. Machado and B.{\hspace{0.167em}}D. Moreira and F.{\hspace{0.167em}}S. Navarra and G. Sampaio dos Santos},
  
	title = {Color dipole predictions for the exclusive vector meson photoproduction in $pp$/$pPb$/$PbPb$ collisions at run 2 LHC energies},
  
	journal = {Physical Review D}
}

@article{goncalves2,
	doi = {10.1140/epjc/s2004-02044-7},
  
	url = {https://doi.org/10.1140%2Fepjc%2Fs2004-02044-7},
  
	year = 2004,
	month = {dec},
  
	publisher = {Springer Science and Business Media {LLC}
},
  
	volume = {38},
  
	number = {3},
  
	pages = {319--328},
  
	author = {V. P. Gon{\c{c}}alves and M. V. T. Machado},
  
	title = {Nuclear exclusive vector meson photoproduction},
  
	journal = {The European Physical Journal C}
}

@article{goncalves3,
	doi = {10.1103/physrevc.65.054905},
  
	url = {https://doi.org/10.1103%2Fphysrevc.65.054905},
  
	year = 2002,
	month = {apr},
  
	publisher = {American Physical Society ({APS})},
  
	volume = {65},
  
	number = {5},
  
	author = {V. P. Gon{\c{c}
}alves and C. A. Bertulani},
  
	title = {Peripheral heavy ion collisions as a probe of the nuclear gluon distribution},
  
	journal = {Physical Review C}
}

@article{albrow,
	doi = {10.1016/j.ppnp.2010.06.001},
  
	url = {https://doi.org/10.1016%2Fj.ppnp.2010.06.001},
  
	year = 2010,
	month = {oct},
  
	publisher = {Elsevier {BV}
},
  
	volume = {65},
  
	number = {2},
  
	pages = {149--184},
  
	author = {M.G. Albrow and T.D. Coughlin and J.R. Forshaw},
  
	title = {Central exclusive particle production at high energy hadron colliders},
  
	journal = {Progress in Particle and Nuclear Physics}
}

@article{eepa,
    author = "Pshenichnov, I. A.",
    title = "{Electromagnetic excitation and fragmentation of ultrarelativistic nuclei}",
    doi = "10.1134/S1063779611020067",
    journal = "Phys. Part. Nucl.",
    volume = "42",
    pages = "215--250",
    year = "2011"
}

@article{williams,
    author = "Williams, E. J.",
    title = "{Correlation of certain collision problems with radiation theory}",
    journal = "Kong. Dan. Vid. Sel. Mat. Fys. Med.",
    volume = "13N4",
    number = "4",
    pages = "1--50",
    year = "1935"
}

@article{UPS,
	doi = {10.1146/annurev.nucl.55.090704.151526},
  
	url = {https://doi.org/10.1146%2Fannurev.nucl.55.090704.151526},
  
	year = 2005,
	month = {dec},
  
	publisher = {Annual Reviews},
  
	volume = {55},
  
	number = {1},
  
	pages = {271--310},
  
	author = {Carlos A. Bertulani and Spencer R. Klein and Joakim Nystrand},
  
	title = {{PHYSICS} {OF} {ULTRA}-{PERIPHERAL} {NUCLEAR} {COLLISIONS}
},
  
	journal = {Annual Review of Nuclear and Particle Science}
}

@inproceedings{fermi,
	doi = {10.1142/9789812704214_0026},
  
	url = {https://doi.org/10.1142%2F9789812704214_0026},
  
	year = 2003,
	month = {sep},
  
	publisher = {{WORLD} {SCIENTIFIC}
},
  
	author = {Enrico Fermi},
  
	title = {On the Theory of Collisions between Atoms and Electrically Charged Particles},
  
	booktitle = {Electromagnetic Probes of Fundamental Physics}
}

@article{starlight,
	doi = {10.1016/j.cpc.2016.10.016},
  
	url = {https://doi.org/10.1016%2Fj.cpc.2016.10.016},
  
	year = 2017,
	month = {mar},
  
	publisher = {Elsevier {BV}
},
  
	volume = {212},
  
	pages = {258--268},
  
	author = {Spencer R. Klein and Joakim Nystrand and Janet Seger and Yuri Gorbunov and Joey Butterworth},
  
	title = {{STARlight}: A Monte Carlo simulation program for ultra-peripheral collisions of relativistic ions},
  
	journal = {Computer Physics Communications}
}

@misc{eic,
  doi = {10.48550/ARXIV.1212.1701},
  
  url = {https://arxiv.org/abs/1212.1701},
  
  author = {Accardi, A. and Albacete, J. L. and Anselmino, M. and Armesto, N. and Aschenauer, E. C. and Bacchetta, A. and Boer, D. and Brooks, W. K. and Burton, T. and Chang, N. -B. and Deng, W. -T. and Deshpande, A. and Diehl, M. and Dumitru, A. and Dupré, R. and Ent, R. and Fazio, S. and Gao, H. and Guzey, V. and Hakobyan, H. and Hao, Y. and Hasch, D. and Holt, R. and Horn, T. and Huang, M. and Hutton, A. and Hyde, C. and Jalilian-Marian, J. and Klein, S. and Kopeliovich, B. and Kovchegov, Y. and Kumar, K. and Kumerički, K. and Lamont, M. A. C. and Lappi, T. and Lee, J. -H. and Lee, Y. and Levin, E. M. and Lin, F. -L. and Litvinenko, V. and Ludlam, T. W. and Marquet, C. and Meziani, Z. -E. and McKeown, R. and Metz, A. and Milner, R. and Morozov, V. S. and Mueller, A. H. and Müller, B. and Müller, D. and Nadel-Turonski, P. and Paukkunen, H. and Prokudin, A. and Ptitsyn, V. and Qian, X. and Qiu, J. -W. and Ramsey-Musolf, M. and Roser, T. and Sabatié, F. and Sassot, R. and Schnell, G. and Schweitzer, P. and Sichtermann, E. and Stratmann, M. and Strikman, M. and Sullivan, M. and Taneja, S. and Toll, T. and Trbojevic, D. and Ullrich, T. and Venugopalan, R. and Vigdor, S. and Vogelsang, W. and Weiss, C. and Xiao, B. -W. and Yuan, F. and Zhang, Y. -H. and Zheng, L.},
  
  keywords = {Nuclear Experiment (nucl-ex), High Energy Physics - Experiment (hep-ex), High Energy Physics - Phenomenology (hep-ph), Nuclear Theory (nucl-th), FOS: Physical sciences, FOS: Physical sciences},
  
  title = {Electron Ion Collider: The Next QCD Frontier - Understanding the glue that binds us all},
  
  publisher = {arXiv},
  
  year = {2012},
  
  copyright = {arXiv.org perpetual, non-exclusive license}
}
